@article{koller1996efficient,
  title={Efficient computation of equilibria for extensive two-person games},
  author={Koller, Daphne and Megiddo, Nimrod and Von Stengel, Bernhard},
  journal={Games and Economic Behavior},
  volume={14},
  number={2},
  pages={247--259},
  year={1996},
  publisher={Academic Press}
}
@article{von1996efficient,
  title={Efficient computation of behavior strategies},
  author={Von Stengel, Bernhard},
  journal={Games and Economic Behavior},
  volume={14},
  number={2},
  pages={220--246},
  year={1996},
  publisher={Academic Press}
}
